@misc{statproofbook2023,
  title   = {Probability axioms},
  author  = {{StatProofBook Team}},
  year    = {2023},
  url     = {https://statproofbook.github.io/D/prob-ax.html},
  urldate = {2025-09-28},
  note    = {Online; accessed 28-September-2025}
}

@misc{wiki:inclusion-exclusion,
  title   = {Inclusionâ€“exclusion principle},
  author  = {{Wikipedia contributors}},
  year    = {2025},
  url     = {https://en.wikipedia.org/wiki/Inclusion%E2%80%93exclusion_principle},
  urldate = {2025-09-28},
  note    = {Online; accessed 28-September-2025}
}


/https://statproofbook.github.io/P/cheb-ineq.html
@misc{statproofbook2023cheb,
  title   = {Chebyshev's inequality},
  author  = {{StatProofBook Team}},
  year    = {2023},
  url     = {https://statproofbook.github.io/P/cheb-ineq.html},
  urldate = {2025-09-28},
  note    = {Online; accessed 28-September-2025}
}

/ https://statproofbook.github.io/P/corr-range.html

@misc{statproofbook2023corr,
  title   = {Correlation and Range},
  author  = {{StatProofBook Team}},
  year    = {2023},
  url     = {https://statproofbook.github.io/P/corr-range.html},
  urldate = {2025-09-28},
  note    = {Online; accessed 28-September-2025}
}