@misc{statproofbook2023,
  title   = {Probability axioms},
  author  = {{StatProofBook Team}},
  year    = {2023},
  url     = {https://statproofbook.github.io/D/prob-ax.html},
  urldate = {2025-09-28},
  note    = {Online; accessed 28-September-2025}
}


% https://en.wikipedia.org/wiki/Bessel%27s_correction#Proof_of_correctness_-_Alternate_3
@misc{wikipedia2025bessels,
  title   = {Bessel's correction - Proof of correctness - Alternate 3},
  author  = {{Wikipedia contributors}},
  year    = {2025},
  url     = {https://en.wikipedia.org/wiki/Bessel%27s_correction#Proof_of_correctness_-_Alternate_3},
  urldate = {2025-10-19}
}
